<record><leader>00000cas a2200000 a 4500</leader><controlfield tag="001">12168817</controlfield><controlfield tag="008">850618d19061912ksuwr ne      0    0eng d</controlfield><datafield ind1=" " ind2=" " tag="010"><subfield code="a">sn 85030603 </subfield></datafield><datafield ind1=" " ind2=" " tag="040"><subfield code="a">KSH</subfield><subfield code="b">eng</subfield><subfield code="c">KSH</subfield><subfield code="d">NPT</subfield><subfield code="d">OCL</subfield><subfield code="d">OCLCQ</subfield></datafield><datafield ind1=" " ind2=" " tag="042"><subfield code="a">msc</subfield></datafield><datafield ind1="0" ind2="4" tag="245"><subfield code="a">The Erie sentinel and Chanute blade.</subfield></datafield><datafield ind1="3" ind2="0" tag="246"><subfield code="a">Erie sentinel and the Chanute blade</subfield></datafield><datafield ind1="1" ind2="3" tag="246"><subfield code="a">Erie weekly sentinel and the Chanute blade</subfield><subfield code="g">Mar. 8-Dec. 27, 1912</subfield></datafield><datafield ind1=" " ind2=" " tag="260"><subfield code="a">Erie, Kan. :</subfield><subfield code="b">Elizabeth Ridgely,</subfield><subfield code="c">1906-1912.</subfield></datafield><datafield ind1=" " ind2=" " tag="300"><subfield code="a">7 v. :</subfield><subfield code="b">ill. ;</subfield><subfield code="c">49 cm.</subfield></datafield><datafield ind1=" " ind2=" " tag="310"><subfield code="a">Weekly</subfield></datafield><datafield ind1="0" ind2=" " tag="362"><subfield code="a">Vol. 56, no. 44 (Aug. 31, 1906)-v. 29, no. 52 (Dec. 27, 1912).</subfield></datafield><datafield ind1=" " ind2=" " tag="500"><subfield code="a">Title varies slightly.</subfield></datafield><datafield ind1=" " ind2=" " tag="500"><subfield code="a">Published by: E.R. Ridgely, Sept. 7, 1906-June 28, 1907; Alf Q. Wooster, July 5, 1907-Mar. 1, 1912; Alf Q. Wooster &amp; Son, Mar. 8-Dec. 27, 1912.</subfield></datafield><datafield ind1=" " ind2=" " tag="500"><subfield code="a">"Democratic."</subfield></datafield><datafield ind1=" " ind2=" " tag="515"><subfield code="a">Numbering is irregular; issue for Jan. 4, 1907 is numbered vol. 24, no. 1.</subfield></datafield><datafield ind1=" " ind2=" " tag="580"><subfield code="a">Issued also in daily edition called: Erie daily sentinel.</subfield></datafield><datafield ind1=" " ind2=" " tag="752"><subfield code="a">United States</subfield><subfield code="b">Kansas</subfield><subfield code="c">Neosho</subfield><subfield code="d">Erie.</subfield></datafield><datafield ind1="1" ind2=" " tag="775"><subfield code="t">Erie daily sentinel</subfield><subfield code="w">(DLC)sn 85030604</subfield></datafield><datafield ind1="0" ind2="4" tag="780"><subfield code="t">Erie sentinel (Erie, Kan. : 1889)</subfield><subfield code="w">(DLC)sn 85030602</subfield></datafield><datafield ind1="0" ind2="4" tag="780"><subfield code="t">Chanute blade (Chanute, Kan. : 1883)</subfield><subfield code="w">(DLC)sn 85030518</subfield></datafield><datafield ind1="0" ind2="4" tag="785"><subfield code="t">Erie daily sentinel</subfield><subfield code="w">(DLC)sn 85030604</subfield></datafield></record>